<record xmlns="http://www.loc.gov/MARC21/slim" xmlns:xsi="http://www.w3.org/2001/XMLSchema-instance" xsi:schemaLocation="http://www.loc.gov/MARC21/slim http://www.loc.gov/standards/marcxml/schema/MARC21slim.xsd"><leader>02611nam a2200481   4500</leader><controlfield tag="001">3556255</controlfield><controlfield tag="003">NIC</controlfield><controlfield tag="006">m        d        </controlfield><controlfield tag="007">cr cn |||m|||a</controlfield><controlfield tag="008">150116s1968    iq a    ob    000 0bara  </controlfield><datafield ind1=" " ind2=" " tag="040"><subfield code="a">NNU</subfield><subfield code="b">eng</subfield><subfield code="e">rda</subfield><subfield code="c">NNU</subfield></datafield><datafield ind1=" " ind2=" " tag="043"><subfield code="a">f-ua---</subfield></datafield><datafield ind1="0" ind2=" " tag="050"><subfield code="a">PJ7860.A34</subfield><subfield code="b">Z59 1968</subfield></datafield><datafield ind1="1" ind2=" " tag="100"><subfield code="6">880-01</subfield><subfield code="a">Badri&#772;, Mus&#803;t&#803;afa&#769; Nu&#699;ma&#772;n,</subfield><subfield code="d">1934-</subfield></datafield><datafield ind1="1" ind2="3" tag="245"><subfield code="6">880-02</subfield><subfield code="a">al-Ima&#772;m Mus&#803;t&#803;afa&#769; S&#803;a&#772;diq al-Ra&#772;fi&#699;i&#772; /</subfield><subfield code="c">[ta&#700;li&#772;f] Mus&#803;t&#803;afa&#769; Nu&#699;ma&#772;n H&#803;usayn al-Badri&#772; ; [qaddama lahu Muh&#803;ammad Bahjah al-Athari&#772;].</subfield></datafield><datafield ind1="1" ind2="4" tag="246"><subfield code="a">Mustafa Sa&#772;diq al-Rafi&#700;i :</subfield><subfield code="b">his age, his biography, and his writings</subfield></datafield><datafield ind1=" " ind2=" " tag="260"><subfield code="6">880-03</subfield><subfield code="a">[Baghda&#772;d] :</subfield><subfield code="b">Mat&#803;ba&#699;at Da&#772;r al-Bas&#803;ray,</subfield><subfield code="c">[1968]</subfield></datafield><datafield ind1=" " ind2=" " tag="300"><subfield code="a">online resource (12, 488 pages) :</subfield><subfield code="b">illustrations</subfield></datafield><datafield ind1=" " ind2=" " tag="336"><subfield code="a">text</subfield><subfield code="2">rdacontent</subfield></datafield><datafield ind1=" " ind2=" " tag="337"><subfield code="a">computer</subfield><subfield code="2">rdamedia</subfield></datafield><datafield ind1=" " ind2=" " tag="338"><subfield code="a">online resource</subfield><subfield code="2">rdacarrier</subfield></datafield><datafield ind1=" " ind2=" " tag="500"><subfield code="a">Part of the Arabic Collections Online (ACO) project, contributed by Cornell University Libraries.</subfield></datafield><datafield ind1=" " ind2=" " tag="504"><subfield code="a">Includes bibliographical references (pages 479-486).</subfield></datafield><datafield ind1=" " ind2=" " tag="533"><subfield code="a">Electronic reproduction.</subfield><subfield code="b">New York, N.Y. :</subfield><subfield code="c">New York University,</subfield><subfield code="d">2015.</subfield><subfield code="5">NNU</subfield></datafield><datafield ind1="1" ind2="0" tag="600"><subfield code="6">880-04</subfield><subfield code="a">Ra&#772;fi&#699;i&#772;, Mus&#803;t&#803;afa&#769; S&#803;a&#772;diq,</subfield><subfield code="d">-1937.</subfield></datafield><datafield ind1=" " ind2="0" tag="650"><subfield code="a">Authors, Arab</subfield><subfield code="z">Egypt</subfield><subfield code="v">Biography.</subfield></datafield><datafield ind1="1" ind2="7" tag="600"><subfield code="a">Ra&#772;fi&#699;i&#772;, Mus&#803;t&#803;afa&#769; S&#803;a&#772;diq,</subfield><subfield code="d">-1937.</subfield><subfield code="2">fast</subfield><subfield code="0">(OCoLC)fst01843041</subfield></datafield><datafield ind1=" " ind2="7" tag="650"><subfield code="a">Authors, Arab.</subfield><subfield code="2">fast</subfield><subfield code="0">(OCoLC)fst00821793</subfield></datafield><datafield ind1=" " ind2="7" tag="651"><subfield code="a">Egypt.</subfield><subfield code="2">fast</subfield><subfield code="0">(OCoLC)fst01208755</subfield></datafield><datafield ind1=" " ind2="7" tag="655"><subfield code="a">Biography.</subfield><subfield code="2">fast</subfield><subfield code="0">(OCoLC)fst01423686</subfield></datafield><datafield ind1="1" ind2=" " tag="700"><subfield code="6">880-05</subfield><subfield code="a">Athari&#772;, Muh&#803;ammad Bahjat.</subfield></datafield><datafield ind1="2" ind2=" " tag="710"><subfield code="a">Cornell University.</subfield><subfield code="b">Libraries.</subfield></datafield><datafield ind1="0" ind2=" " tag="730"><subfield code="a">Arabic Collections Online.</subfield></datafield><datafield ind1="0" ind2="8" tag="776"><subfield code="i">Online version:</subfield><subfield code="a">Badri&#772;, Mus&#803;t&#803;afa&#769; Nu&#699;ma&#772;n, 1934-</subfield><subfield code="t">Ima&#772;m Mus&#803;t&#803;afa&#772; sa&#772;diq al-Rafi&#700;i&#772;.</subfield><subfield code="d">[Baghda&#772;d] : Matba&#700;at Da&#772;r al-Bas&#803;ray, [1968]</subfield><subfield code="w">(OCoLC)586067973</subfield></datafield><datafield ind1="0" ind2="8" tag="776"><subfield code="i">Print version:</subfield><subfield code="a">Badri&#772;, Mus&#803;t&#803;afa&#769; Nu&#699;ma&#772;n, 1934-</subfield><subfield code="t">al-Ima&#772;m Mus&#803;t&#803;afa&#769; S&#803;a&#772;diq al-Ra&#772;fi&#699;i&#772;</subfield><subfield code="w">(NIC)3556255</subfield><subfield code="w">(DLC)ne 72238030 </subfield><subfield code="w">(OCoLC)7621935</subfield></datafield><datafield ind1="4" ind2="0" tag="856"><subfield code="u">http://hdl.handle.net/2333.1/sqv9s6wj</subfield></datafield><datafield ind1="1" ind2=" " tag="880"><subfield code="6">100-01</subfield><subfield code="a">&#1576;&#1583;&#1585;&#1610;&#1548; &#1605;&#1589;&#1591;&#1601;&#1609; &#1606;&#1593;&#1605;&#1575;&#1606;&#1548;,</subfield><subfield code="d">1934-</subfield></datafield><datafield ind1="1" ind2="2" tag="880"><subfield code="6">245-02</subfield><subfield code="a">&#1575;&#1604;&#1575;&#1605;&#1575;&#1605; &#1605;&#1589;&#1591;&#1601;&#1609; &#1589;&#1575;&#1583;&#1602; &#1575;&#1604;&#1585;&#1575;&#1601;&#1593;&#1610; /</subfield><subfield code="c">[&#1578;&#1571;&#1604;&#1610;&#1601;] &#1605;&#1589;&#1591;&#1601;&#1609; &#1606;&#1593;&#1605;&#1575;&#1606; &#1581;&#1587;&#1610;&#1606; &#1575;&#1604;&#1576;&#1583;&#1585;&#1610; &#1563; [&#1602;&#1583;&#1605; &#1604;&#1607; &#1605;&#1581;&#1605;&#1583; &#1576;&#1607;&#1580;&#1577; &#1575;&#1604;&#1575;&#1579;&#1585;&#1610;].</subfield></datafield><datafield ind1=" " ind2=" " tag="880"><subfield code="6">260-03</subfield><subfield code="a">[&#1576;&#1594;&#1583;&#1575;&#1583;] :</subfield><subfield code="b">&#1605;&#1591;&#1576;&#1593;&#1577; &#1583;&#1575;&#1585; &#1575;&#1604;&#1576;&#1589;&#1585;&#1610;&#1548;</subfield><subfield code="c">[1968]</subfield></datafield><datafield ind1="1" ind2="4" tag="880"><subfield code="6">600-04</subfield><subfield code="a">&#1585;&#1575;&#1601;&#1593;&#1610;&#1548; &#1605;&#1589;&#1591;&#1601;&#1609; &#1589;&#1575;&#1583;&#1602;&#1548;,</subfield><subfield code="d">-1937.</subfield></datafield><datafield ind1="1" ind2=" " tag="880"><subfield code="6">700-05</subfield><subfield code="a">&#1571;&#1579;&#1585;&#1610;&#1548; &#1605;&#1581;&#1605;&#1583; &#1576;&#1607;&#1580;&#1578;.</subfield></datafield><datafield ind1=" " ind2=" " tag="959"><subfield code="a">NNU</subfield><subfield code="b">WEB</subfield><subfield code="c">GENI</subfield><subfield code="t">0</subfield><subfield code="m">Electronic access</subfield><subfield code="s">01</subfield></datafield><datafield ind1=" " ind2=" " tag="999"><subfield code="i">NIC_3556255</subfield><subfield code="o">(OCoLC)ocm07621935 </subfield></datafield></record>